@article{payseur-2016,
  author       = {given-i=BA, given={Bret A.}, family=Payseur and given-i=LH, given={Loren H.}, family=Rieseberg},
  date         = {2016-02-02},
  doi          = {10.1111/mec.13557},
  journaltitle = {Molecular Ecology},
  number       = {11},
  pages        = {2337--2360},
  title        = {A genomic perspective on hybridization and speciation},
  url          = {https://doi.org/10.1111/mec.13557},
  volume       = {25}
}
@article{mallet-2007,
  author       = {given-i=J, given=James, family=Mallet},
  date         = {2007-03-01},
  doi          = {10.1038/nature05706},
  journaltitle = {Nature},
  number       = {7133},
  pages        = {279--283},
  title        = {Hybrid speciation},
  url          = {https://doi.org/10.1038/nature05706},
  volume       = {446}
}
@article{abbott-2013,
  author       = {given-i=R, given=R., family=Abbott and given-i=D, given=D., family=Albach and given-i=S, given=S., family=Ansell and given-i=JW, given={J. W.}, family=Arntzen and given-i=SJE, given={S. J. E.}, family=Baird and given-i=N, given=N., family=Bierne and given-i=J, given=J., family=Boughman and given-i=A, given=A., family=Brelsford and given-i=CA, given={C. A.}, family=Buerkle and given-i=R, given=R., family=Buggs and given-i=RK, given={R. K.}, family=Butlin and given-i=U, given=U., family=Dieckmann and given-i=F, given=F., family=Eroukhmanoff and given-i=A, given=A., family=Grill and given-i=SH, given={S. H.}, family=Cahan and given-i=JS, given={J. S.}, family=Hermansen and given-i=G, given=G., family=Hewitt and given-i=AG, given={A. G.}, family=Hudson and given-i=C, given=C., family=Jiggins and given-i=J, given=J., family=Jones and given-i=B, given=B., family=Keller and given-i=T, given=T., family=Marczewski and given-i=J, given=J., family=Mallet and given-i=P, given=P., family=Martinez‐Rodriguez and given-i=M, given=M., family=Möst and given-i=S, given=S., family=Mullen and given-i=R, given=R., family=Nichols and given-i=AW, given={A. W.}, family=Nolte and given-i=C, given=C., family=Parisod and given-i=K, given=K., family=Pfennig and given-i=AM, given={A. M.}, family=Rice and given-i=MG, given={M. G.}, family=Ritchie and given-i=B, given=B., family=Seifert and given-i=CM, given={C. M.}, family=Smadja and given-i=R, given=R., family=Stelkens and given-i=JM, given={J. M.}, family=Szymura and given-i=R, given=R., family=Väinölä and given-i=JBW, given={J. B. W.}, family=Wolf and given-i=D, given=D., family=Zinner},
  date         = {2013-01-17},
  doi          = {10.1111/j.1420-9101.2012.02599.x},
  journaltitle = {Journal of Evolutionary Biology},
  number       = {2},
  pages        = {229--246},
  title        = {Hybridization and speciation},
  url          = {https://doi.org/10.1111/j.1420-9101.2012.02599.x},
  volume       = {26}
}
@article{vilaca-2023,
  author       = {given-i=ST, given={Sibelle T}, family=Vilaça and given-i=ME, given={Michael E}, family=Donaldson and given-i=A, given=Andrea, family=Benazzo and given-i=TJ, given={Tyler J}, family=Wheeldon and given-i=MT, given={Maria Teresa}, family=Vizzari and given-i=G, given=Giorgio, family=Bertorelle and given-i=BR, given={Brent R}, family=Patterson and given-i=CJ, given={Christopher J}, family=Kyle},
  date         = {2023-04-01},
  doi          = {10.1093/molbev/msad055},
  journaltitle = {Molecular Biology and Evolution},
  number       = {4},
  title        = {Tracing Eastern Wolf Origins From Whole-Genome Data in Context of Extensive Hybridization},
  url          = {https://doi.org/10.1093/molbev/msad055},
  volume       = {40}
}

@book{darwin1859origin,
  author    = {Charles Darwin},
  title     = {On the Origin of Species by Means of Natural Selection, or the Preservation of Favoured Races in the Struggle for Life},
  year      = {1859},
  publisher = {John Murray},
  address   = {London}
}

@article{watson1953molecular,
  author  = {J. D. Watson and F. H. C. Crick},
  title   = {Molecular Structure of Nucleic Acids: A Structure for Deoxyribose Nucleic Acid},
  journal = {Nature},
  volume  = {171},
  number  = {4356},
  pages   = {737--738},
  year    = {1953},
  doi     = {10.1038/171737a0}
}

@article{cook1906factors,
  author  = {O. F. Cook},
  title   = {Factors of Species-Formation},
  journal = {Science},
  volume  = {23},
  number  = {587},
  pages   = {506--507},
  year    = {1906},
  doi     = {10.1126/science.23.587.506}
}

@book{dobzhansky1951genetics,
  author    = {Dobzhansky, Theodosius},
  title     = {Genetics and the Origin of Species},
  year      = {1951},
  publisher = {Columbia University Press},
  address   = {New York},
  edition   = {3rd},
  note      = {Third revised edition}
}

@book{mayr1942systematics,
  author    = {Mayr, Ernst},
  title     = {Systematics and the Origin of Species},
  year      = {1942},
  publisher = {Columbia University Press},
  address   = {New York}
}


@book{maynardsmith1966sympatric,
  author    = {Maynard Smith, John},
  title     = {Sympatric Speciation},
  year      = {1966},
  publisher = {The University of Chicago Press},
  address   = {Chicago}
}

@article{schumer2018natural,
  title   = {Natural selection interacts with recombination to shape the evolution of hybrid genomes},
  author  = {Schumer, Molly and Xu, Chenling and Powell, Daniel L. and Durvasula, Arun and Skov, Laurits and Holland, Chris and Blazier, John C. and Sankararaman, Sriram and Andolfatto, Peter and Rosenthal, Gil G. and Przeworski, Molly},
  journal = {Science},
  volume  = {360},
  number  = {6389},
  pages   = {656--660},
  year    = {2018},
  doi     = {10.1126/science.aar3684}
}

@article{felsenstein1981evolutionary,
  title     = {Evolutionary trees from DNA sequences: A maximum likelihood approach},
  author    = {Felsenstein, Joseph},
  journal   = {Journal of Molecular Evolution},
  volume    = {17},
  number    = {6},
  pages     = {368--376},
  year      = {1981},
  publisher = {Springer},
  doi       = {10.1007/BF01734359},
  pmid      = {7288891}
}

@article{Penalbaetal2024_HybridizationReview,
  title   = {The Role of Hybridization in Species Formation and Persistence},
  author  = {Pe{\~n}alba, Joshua V. and Runemark, Anna and Meier, Joana I. and Singh, Pooja and Wogan, Guinevere O. U. and S{\'a}nchez-Guill{\'e}n, Rosa and Mallet, James and Rometsch, Sina J. and Menon, Mitra and Seehausen, Ole and Kulmuni, Jonna and Pereira, Ricardo J.},
  journal = {Cold Spring Harbor Perspectives in Biology},
  year    = {2024},
  volume  = {a041445},
  doi     = {10.1101/cshperspect.a041445},
  note    = {Advanced Online Publication},
  url     = {https://doi.org/10.1101/cshperspect.a041445}
}

@article{souris-orth-2002,
  author  = {Annie Orth and Khalid Belkhir and Janice Britton-Davidian and Pierre Boursot and Touria Benazzou and François Bonhomme},
  title   = {Hybridation naturelle entre deux espèces sympatriques de souris Mus musculus domesticus L. et Mus spretus Lataste},
  journal = {Comptes Rendus Biologies},
  volume  = {325},
  number  = {2},
  pages   = {77-87},
  year    = {2002},
  url     = {https://doi.org/10.1016/S1631-0691(02)01413-0}
}

